@inproceedings{ref:proc:powersaving2,
address = {New York, NY, USA},
author = {et al. {Miyoshi A. Van Hensbergen Ch.}, Rajamony E},
booktitle = {Proceedings of the 16th International Conference on Supercomputing},
isbn = {1581134835},
publisher = {Association for Computing Machinery},
title = {{Critical Power Slope: Understanding the Runtime Effects of Frequency Scaling}},
url = {https://doi.org/10.1145/514191.514200},
year = {2002}
}
@misc{op:tutorialspoint,
author = {Point, Tutorials},
howpublished = {online},
title = {{Computer - Read Only Memory}},
url = {https://www.tutorialspoint.com/computer_fundamentals/computer_rom.htm},
urldate = {2020-10-05},
year = {2019}
}
@misc{ref:proc:energipic,
howpublished = {online},
title = {{Why Parallelism}},
url = {http://15418.courses.cs.cmu.edu/spring2016/lecture/whyparallelism/slide_035},
urldate = {2020-10-04},
year = {2016}
}
@misc{op:graphicscardhub,
author = {Verma, Akshat},
howpublished = {online},
title = {{Best RAM Coolers and Heatsinks for PC Memory Cooling in 2019}},
url = {https://graphicscardhub.com/ram-cooler-heatsink/},
urldate = {2020-10-06}
}
